@Article{Alspach:2008,
author = {Alspach, Brian},
title = {The wonderful Walecki construction},
journal = {Bull. Inst. Combin. Appl},
volume = {52},
pages = {7--20},
year = {2008},
}

@Article{Edmonds:1965,
author = {Edmonds, Jack},
title = {Paths, trees, and flowers},
journal = {Canadian Journal of Mathematics},
volume = {17},
pages = {449--467},
year = {1965},
}

@Article{GaleShapley:1962,
author = {Gale, David and Shapley, Lloyd S},
title = {College admissions and the stability of marriage},
journal = {The American Mathematical Monthly},
volume = {69},
number = {1},
pages = {9--15},
year = {1962},
}


@Book{GareyJohnson:1979,
author = {Garey, Michael R and Johnson, David S},
title = {Computers and Intractability},
publisher = {WH Freeman \& Co},
year = {1979},
}
