/* ----------------------------- misc ----------------------------- */
@misc{caffarelli2009nonlocal,
  title         = {Nonlocal minimal surfaces},
  author        = {L. A. Caffarelli and J. -M. Roquejoffre and O. Savin},
  year          = {2009},
  eprint        = {0905.1183},
  archiveprefix = {arXiv},
  primaryclass  = {math.AP}
}
@misc{dipierro2020disconnectedness,
  title         = {(Dis)connectedness of nonlocal minimal surfaces in a cylinder and a stickiness property},
  author        = {Serena Dipierro and Fumihiko Onoue and Enrico Valdinoci},
  year          = {2020},
  eprint        = {2010.00798},
  archiveprefix = {arXiv},
  primaryclass  = {math.AP}
}
@misc{dipierro2012asymptotics,
  title         = {Asymptotics of the $s$-perimeter as $s\searrow 0$},
  author        = {Serena Dipierro and Alessio Figalli and Giampiero Palatucci and Enrico Valdinoci},
  year          = {2012},
  eprint        = {1204.0750},
  archiveprefix = {arXiv},
  primaryclass  = {math.AP}
}
@misc{frank2006hardyliebthirring,
  title         = {Hardy-Lieb-Thirring inequalities for fractional Schroedinger operators},
  author        = {Rupert L. Frank and Elliott H. Lieb and Robert Seiringer},
  year          = {2006},
  eprint        = {math/0610593},
  archiveprefix = {arXiv},
  primaryclass  = {math.SP}
}
@misc{fusco2011quantitative,
  title         = {A quantitative isoperimetric inequality for fractional perimeters},
  author        = {Nicola Fusco and Vincent Millot and Massimiliano Morini},
  year          = {2011},
  eprint        = {1012.0051},
  archiveprefix = {arXiv},
  primaryclass  = {math.AP}
}
@misc{lombardini2016approximation,
  title         = {Approximation of sets of finite fractional perimeter by smooth sets and comparison of local and global $s$-minimal surfaces},
  author        = {Luca Lombardini},
  year          = {2016},
  eprint        = {1612.08237},
  archiveprefix = {arXiv},
  primaryclass  = {math.AP}
}
@misc{ponce2018boxing,
  title         = {A Boxing Inequality for the Fractional Perimeter},
  author        = {Augusto C. Ponce and Daniel Spector},
  year          = {2018},
  eprint        = {1703.06195},
  archiveprefix = {arXiv},
  primaryclass  = {math.FA}
}
@misc{haddad2022affine,
  title         = {Affine Fractional Sobolev and Isoperimetric Inequalities},
  author        = {Julián Haddad and Monika Ludwig},
  year          = {2022},
  eprint        = {2207.06375},
  archiveprefix = {arXiv},
  primaryclass  = {math.MG}
}
@misc{dipierro2023strict,
  title         = {A strict maximum principle for nonlocal minimal surfaces},
  author        = {Serena Dipierro and Ovidiu Savin and Enrico Valdinoci},
  year          = {2023},
  eprint        = {2308.01697},
  archiveprefix = {arXiv},
  primaryclass  = {math.AP}
}


/* ---------------------------- article --------------------------- */
@article{Serra2023,
  author  = {Serra, Joaquim},
  title   = {Nonlocal minimal surfaces: recent developments, applications, and future directions},
  journal = {SeMA Journal},
  year    = {2023},
  day     = {28},
  issn    = {2281-7875},
  doi     = {https://doi.org/10.1007/s40324-023-00345-1}
}
@article{Caffarelli2011,
  author  = {Caffarelli, Luis and Valdinoci, Enrico},
  title   = {Uniform estimates and limiting arguments for nonlocal minimal surfaces},
  journal = {Calculus of Variations and Partial Differential Equations},
  year    = {2011},
  day     = {01},
  volume  = {41},
  number  = {1},
  pages   = {203-240},
  issn    = {1432-0835},
  doi     = {10.1007/s00526-010-0359-6},
  url     = {https://doi.org/10.1007/s00526-010-0359-6}
}
@article{Dipierro2016,
  author  = {Dipierro, Serena and Savin, Ovidiu and Valdinoci, Enrico},
  title   = {Graph properties for nonlocal minimal surfaces},
  journal = {Calculus of Variations and Partial Differential Equations},
  year    = {2016},
  day     = {28},
  volume  = {55},
  number  = {4},
  pages   = {86},
  issn    = {1432-0835},
  doi     = {10.1007/s00526-016-1020-9},
  url     = {https://doi.org/10.1007/s00526-016-1020-9}
}
@article{DIPIERRO20171791,
  title    = {Boundary behavior of nonlocal minimal surfaces},
  journal  = {Journal of Functional Analysis},
  volume   = {272},
  number   = {5},
  pages    = {1791-1851},
  year     = {2017},
  issn     = {0022-1236},
  doi      = {10.1016/j.jfa.2016.11.016},
  url      = {https://www.sciencedirect.com/science/article/pii/S0022123616303858},
  author   = {Serena Dipierro and Ovidiu Savin and Enrico Valdinoci},
  keywords = {Nonlocal minimal surfaces, Boundary regularity, Barriers}
}
@article{Valdinoci2019,
  title   = {Complete stickiness of nonlocal minimal surfaces for small values of the fractional parameter},
  author  = {Enrico Valdinoci, Claudia Bucur and Luca Lombardini},
  journal = {Ann. Inst. H. Poincaré Anal. Non Linéaire},
  number  = {3},
  pages   = {655-703},
  volume  = {36},
  year    = {2019},
  doi     = {10.1016/J.ANIHPC.2018.08.003}
}
@article{Figalli_2014,
  title     = {Isoperimetry and Stability Properties of Balls with Respect to Nonlocal Energies},
  volume    = {336},
  issn      = {1432-0916},
  url       = {http://dx.doi.org/10.1007/s00220-014-2244-1},
  doi       = {10.1007/s00220-014-2244-1},
  number    = {1},
  journal   = {Communications in Mathematical Physics},
  publisher = {Springer Science and Business Media LLC},
  author    = {Figalli, A. and Fusco, N. and Maggi, F. and Millot, V. and Morini, M.},
  year      = {2014},
  pages     = {441–507}
}


/* ----------------------------- Book ----------------------------- */
@inbook{Cozzi2017,
  author    = {Cozzi, Matteo and Figalli, Alessio},
  editor    = {Bonforte, Matteo and Grillo, Gabriele},
  title     = {Regularity Theory for Local and Nonlocal Minimal Surfaces: An Overview},
  booktitle = {Nonlocal and Nonlinear Diffusions and Interactions: New Methods and Directions: Cetraro, Italy 2016},
  year      = {2017},
  publisher = {Springer International Publishing},
  address   = {Cham},
  pages     = {117--158},
  isbn      = {978-3-319-61494-6},
  doi       = {10.1007/978-3-319-61494-6_3},
  url       = {https://doi.org/10.1007/978-3-319-61494-6_3}
}
